<?xml version="1.0" encoding="UTF-8"?><collection xmlns="http://www.loc.gov/MARC21/slim"><record><leader>00608nam--2200181-u-4500</leader><controlfield tag="001">000056754</controlfield><controlfield tag="002">20190620</controlfield><controlfield tag="005">20190620040829</controlfield><controlfield tag="008">190620s1000------------r-----000-0-eng-d</controlfield><datafield ind1=" " ind2=" " tag="040"><subfield code="a">IFIN-HH</subfield></datafield><datafield ind1=" " ind2=" " tag="041"><subfield code="a">eng</subfield></datafield><datafield ind1="1" ind2=" " tag="100"><subfield code="a">European Join Committee on Plasma and Ion Surface Engineering</subfield></datafield><datafield ind1="1" ind2="0" tag="245"><subfield code="a">Eleventh International Conference on Plasma Surface Engineering. Conference and Exhibition</subfield><subfield code="c">European Join Committee on Plasma and Ion Surface Engineering (org.)</subfield></datafield><datafield ind1=" " ind2=" " tag="260"><subfield code="a">Dresden</subfield><subfield code="c">2008</subfield></datafield><datafield ind1=" " ind2=" " tag="300"><subfield code="a">146 p</subfield></datafield><datafield ind1=" " ind2=" " tag="500"><subfield code="a">Donatie Gheorghe Dinescu</subfield></datafield><datafield ind1=" " ind2=" " tag="852"><subfield code="a">82737</subfield><subfield code="c">061.3</subfield></datafield><datafield ind1=" " ind2=" " tag="CAT"><subfield code="a">SYS</subfield><subfield code="c">20190620</subfield><subfield code="h">040829</subfield></datafield></record></collection>